@article{
	main,
	author = {Lapeyre, B. and Temam, E.},
	year = {2000},
	title = {Competitive Monte Carlo methods for the Pricing of Asian Options},
	journal = {Journal of Computational Finance},
	doi = {10.21314/JCF.2001.061}
}

@book{
	Bouchard,
       	author = "Bouchard, B.",
      	title = "MÃ©thodes de Monte Carlo en finance",
       	year = "2007",
	pages = {31-35}
}

@article{Vorst,
	title = {A pricing method for options based on average asset values},
	journal = {Journal of Banking \& Finance},
	volume = {14},
	pages = {113-129},
	year = {1990},
	issn = {0378-4266},
	doi = {https://doi.org/10.1016/0378-4266(90)90039-5},
	url = {https://www.sciencedirect.com/science/article/pii/0378426690900395},
	author = {A.G.Z. Kemna and A.C.F. Vorst}
}